%YAML 1.1
%TAG !u! tag:unity3d.com,2011:
--- !u!1 &1775016069966276282
GameObject:
  m_ObjectHideFlags: 0
  m_CorrespondingSourceObject: {fileID: 0}
  m_PrefabInstance: {fileID: 0}
  m_PrefabAsset: {fileID: 0}
  serializedVersion: 6
  m_Component:
  - component: {fileID: 1775016069966276261}
  - component: {fileID: 1775016069966276263}
  - component: {fileID: 1775016069966276260}
  - component: {fileID: 7738131683362344775}
  m_Layer: 9
  m_Name: ArrowBalloon
  m_TagString: Untagged
  m_Icon: {fileID: 0}
  m_NavMeshLayer: 0
  m_StaticEditorFlags: 0
  m_IsActive: 1
--- !u!4 &1775016069966276261
Transform:
  m_ObjectHideFlags: 0
  m_CorrespondingSourceObject: {fileID: 0}
  m_PrefabInstance: {fileID: 0}
  m_PrefabAsset: {fileID: 0}
  m_GameObject: {fileID: 1775016069966276282}
  m_LocalRotation: {x: -0, y: -0, z: -0, w: 1}
  m_LocalPosition: {x: 0, y: 1.207, z: 1.001}
  m_LocalScale: {x: 1, y: 1, z: 1}
  m_Children:
  - {fileID: 607207313093017026}
  - {fileID: 3906156066362421971}
  m_Father: {fileID: 0}
  m_RootOrder: 0
  m_LocalEulerAnglesHint: {x: 0, y: 0, z: 0}
--- !u!65 &1775016069966276263
BoxCollider:
  m_ObjectHideFlags: 0
  m_CorrespondingSourceObject: {fileID: 0}
  m_PrefabInstance: {fileID: 0}
  m_PrefabAsset: {fileID: 0}
  m_GameObject: {fileID: 1775016069966276282}
  m_Material: {fileID: 0}
  m_IsTrigger: 0
  m_Enabled: 1
  serializedVersion: 2
  m_Size: {x: 0.04, y: 0.04, z: 0.04}
  m_Center: {x: 0, y: 0, z: 0}
--- !u!54 &1775016069966276260
Rigidbody:
  m_ObjectHideFlags: 0
  m_CorrespondingSourceObject: {fileID: 0}
  m_PrefabInstance: {fileID: 0}
  m_PrefabAsset: {fileID: 0}
  m_GameObject: {fileID: 1775016069966276282}
  serializedVersion: 2
  m_Mass: 1
  m_Drag: 0
  m_AngularDrag: 0.05
  m_UseGravity: 1
  m_IsKinematic: 0
  m_Interpolate: 0
  m_Constraints: 0
  m_CollisionDetection: 0
--- !u!114 &7738131683362344775
MonoBehaviour:
  m_ObjectHideFlags: 0
  m_CorrespondingSourceObject: {fileID: 0}
  m_PrefabInstance: {fileID: 0}
  m_PrefabAsset: {fileID: 0}
  m_GameObject: {fileID: 1775016069966276282}
  m_Enabled: 1
  m_EditorHideFlags: 0
  m_Script: {fileID: 11500000, guid: 56fecc3e34884e44da60c37b2e71fea7, type: 3}
  m_Name: 
  m_EditorClassIdentifier: 
  htype: 4
  m_TrsOther: {fileID: 607207313093017026}
  m_Hurt: 10
  m_Force: 5
  destoryTime: 6
  m_balloon: {fileID: 8792932781621709684}
--- !u!1 &8792932781621709684
GameObject:
  m_ObjectHideFlags: 0
  m_CorrespondingSourceObject: {fileID: 0}
  m_PrefabInstance: {fileID: 0}
  m_PrefabAsset: {fileID: 0}
  serializedVersion: 6
  m_Component:
  - component: {fileID: 3906156066362421971}
  m_Layer: 9
  m_Name: Balloon
  m_TagString: Untagged
  m_Icon: {fileID: 0}
  m_NavMeshLayer: 0
  m_StaticEditorFlags: 0
  m_IsActive: 1
--- !u!4 &3906156066362421971
Transform:
  m_ObjectHideFlags: 0
  m_CorrespondingSourceObject: {fileID: 0}
  m_PrefabInstance: {fileID: 0}
  m_PrefabAsset: {fileID: 0}
  m_GameObject: {fileID: 8792932781621709684}
  m_LocalRotation: {x: 0, y: 0, z: 0, w: 1}
  m_LocalPosition: {x: 0, y: 0, z: 0}
  m_LocalScale: {x: 1, y: 1, z: 1}
  m_Children:
  - {fileID: 4760710806934604470}
  m_Father: {fileID: 1775016069966276261}
  m_RootOrder: 1
  m_LocalEulerAnglesHint: {x: 0, y: 0, z: 0}
--- !u!1001 &1146028292404468265
PrefabInstance:
  m_ObjectHideFlags: 0
  serializedVersion: 2
  m_Modification:
    m_TransformParent: {fileID: 1775016069966276261}
    m_Modifications:
    - target: {fileID: -8679921383154817045, guid: 3be4365b12e89e2469ee49660afa4fbd,
        type: 3}
      propertyPath: m_RootOrder
      value: 0
      objectReference: {fileID: 0}
    - target: {fileID: -8679921383154817045, guid: 3be4365b12e89e2469ee49660afa4fbd,
        type: 3}
      propertyPath: m_LocalPosition.x
      value: 0
      objectReference: {fileID: 0}
    - target: {fileID: -8679921383154817045, guid: 3be4365b12e89e2469ee49660afa4fbd,
        type: 3}
      propertyPath: m_LocalPosition.y
      value: 0
      objectReference: {fileID: 0}
    - target: {fileID: -8679921383154817045, guid: 3be4365b12e89e2469ee49660afa4fbd,
        type: 3}
      propertyPath: m_LocalPosition.z
      value: 0.521
      objectReference: {fileID: 0}
    - target: {fileID: -8679921383154817045, guid: 3be4365b12e89e2469ee49660afa4fbd,
        type: 3}
      propertyPath: m_LocalRotation.w
      value: 0
      objectReference: {fileID: 0}
    - target: {fileID: -8679921383154817045, guid: 3be4365b12e89e2469ee49660afa4fbd,
        type: 3}
      propertyPath: m_LocalRotation.x
      value: 0
      objectReference: {fileID: 0}
    - target: {fileID: -8679921383154817045, guid: 3be4365b12e89e2469ee49660afa4fbd,
        type: 3}
      propertyPath: m_LocalRotation.y
      value: 1
      objectReference: {fileID: 0}
    - target: {fileID: -8679921383154817045, guid: 3be4365b12e89e2469ee49660afa4fbd,
        type: 3}
      propertyPath: m_LocalRotation.z
      value: 0
      objectReference: {fileID: 0}
    - target: {fileID: -8679921383154817045, guid: 3be4365b12e89e2469ee49660afa4fbd,
        type: 3}
      propertyPath: m_LocalEulerAnglesHint.x
      value: 0
      objectReference: {fileID: 0}
    - target: {fileID: -8679921383154817045, guid: 3be4365b12e89e2469ee49660afa4fbd,
        type: 3}
      propertyPath: m_LocalEulerAnglesHint.y
      value: 180
      objectReference: {fileID: 0}
    - target: {fileID: -8679921383154817045, guid: 3be4365b12e89e2469ee49660afa4fbd,
        type: 3}
      propertyPath: m_LocalEulerAnglesHint.z
      value: 0
      objectReference: {fileID: 0}
    - target: {fileID: -7511558181221131132, guid: 3be4365b12e89e2469ee49660afa4fbd,
        type: 3}
      propertyPath: m_Materials.Array.data[0]
      value: 
      objectReference: {fileID: 2100000, guid: a5f17e9a80c17384c9ae56d5d181202a, type: 2}
    - target: {fileID: 919132149155446097, guid: 3be4365b12e89e2469ee49660afa4fbd,
        type: 3}
      propertyPath: m_Name
      value: WM_Jian_006
      objectReference: {fileID: 0}
    m_RemovedComponents: []
  m_SourcePrefab: {fileID: 100100000, guid: 3be4365b12e89e2469ee49660afa4fbd, type: 3}
--- !u!4 &607207313093017026 stripped
Transform:
  m_CorrespondingSourceObject: {fileID: -8679921383154817045, guid: 3be4365b12e89e2469ee49660afa4fbd,
    type: 3}
  m_PrefabInstance: {fileID: 1146028292404468265}
  m_PrefabAsset: {fileID: 0}
--- !u!1001 &3622727470059385596
PrefabInstance:
  m_ObjectHideFlags: 0
  serializedVersion: 2
  m_Modification:
    m_TransformParent: {fileID: 607207313093017026}
    m_Modifications:
    - target: {fileID: 1555810104359897189, guid: 200fea5bd97658a49a0324428effec62,
        type: 3}
      propertyPath: m_Name
      value: VFX_blacktrail_WeaponMaster
      objectReference: {fileID: 0}
    - target: {fileID: 4031440450631646139, guid: 200fea5bd97658a49a0324428effec62,
        type: 3}
      propertyPath: m_RootOrder
      value: 0
      objectReference: {fileID: 0}
    - target: {fileID: 4031440450631646139, guid: 200fea5bd97658a49a0324428effec62,
        type: 3}
      propertyPath: m_LocalPosition.x
      value: 0
      objectReference: {fileID: 0}
    - target: {fileID: 4031440450631646139, guid: 200fea5bd97658a49a0324428effec62,
        type: 3}
      propertyPath: m_LocalPosition.y
      value: 0
      objectReference: {fileID: 0}
    - target: {fileID: 4031440450631646139, guid: 200fea5bd97658a49a0324428effec62,
        type: 3}
      propertyPath: m_LocalPosition.z
      value: -0.75900006
      objectReference: {fileID: 0}
    - target: {fileID: 4031440450631646139, guid: 200fea5bd97658a49a0324428effec62,
        type: 3}
      propertyPath: m_LocalRotation.w
      value: 0
      objectReference: {fileID: 0}
    - target: {fileID: 4031440450631646139, guid: 200fea5bd97658a49a0324428effec62,
        type: 3}
      propertyPath: m_LocalRotation.x
      value: -0
      objectReference: {fileID: 0}
    - target: {fileID: 4031440450631646139, guid: 200fea5bd97658a49a0324428effec62,
        type: 3}
      propertyPath: m_LocalRotation.y
      value: -1
      objectReference: {fileID: 0}
    - target: {fileID: 4031440450631646139, guid: 200fea5bd97658a49a0324428effec62,
        type: 3}
      propertyPath: m_LocalRotation.z
      value: -0
      objectReference: {fileID: 0}
    - target: {fileID: 4031440450631646139, guid: 200fea5bd97658a49a0324428effec62,
        type: 3}
      propertyPath: m_LocalEulerAnglesHint.x
      value: 0
      objectReference: {fileID: 0}
    - target: {fileID: 4031440450631646139, guid: 200fea5bd97658a49a0324428effec62,
        type: 3}
      propertyPath: m_LocalEulerAnglesHint.y
      value: 0
      objectReference: {fileID: 0}
    - target: {fileID: 4031440450631646139, guid: 200fea5bd97658a49a0324428effec62,
        type: 3}
      propertyPath: m_LocalEulerAnglesHint.z
      value: 0
      objectReference: {fileID: 0}
    m_RemovedComponents: []
  m_SourcePrefab: {fileID: 100100000, guid: 200fea5bd97658a49a0324428effec62, type: 3}
--- !u!1001 &5015822770350468445
PrefabInstance:
  m_ObjectHideFlags: 0
  serializedVersion: 2
  m_Modification:
    m_TransformParent: {fileID: 3906156066362421971}
    m_Modifications:
    - target: {fileID: -8679921383154817045, guid: 28774519998999442ac71e3ace42e9bb,
        type: 3}
      propertyPath: m_RootOrder
      value: 0
      objectReference: {fileID: 0}
    - target: {fileID: -8679921383154817045, guid: 28774519998999442ac71e3ace42e9bb,
        type: 3}
      propertyPath: m_LocalPosition.x
      value: 0
      objectReference: {fileID: 0}
    - target: {fileID: -8679921383154817045, guid: 28774519998999442ac71e3ace42e9bb,
        type: 3}
      propertyPath: m_LocalPosition.y
      value: 0.8299999
      objectReference: {fileID: 0}
    - target: {fileID: -8679921383154817045, guid: 28774519998999442ac71e3ace42e9bb,
        type: 3}
      propertyPath: m_LocalPosition.z
      value: 0
      objectReference: {fileID: 0}
    - target: {fileID: -8679921383154817045, guid: 28774519998999442ac71e3ace42e9bb,
        type: 3}
      propertyPath: m_LocalRotation.w
      value: 0.7071068
      objectReference: {fileID: 0}
    - target: {fileID: -8679921383154817045, guid: 28774519998999442ac71e3ace42e9bb,
        type: 3}
      propertyPath: m_LocalRotation.x
      value: -0.7071068
      objectReference: {fileID: 0}
    - target: {fileID: -8679921383154817045, guid: 28774519998999442ac71e3ace42e9bb,
        type: 3}
      propertyPath: m_LocalRotation.y
      value: -0
      objectReference: {fileID: 0}
    - target: {fileID: -8679921383154817045, guid: 28774519998999442ac71e3ace42e9bb,
        type: 3}
      propertyPath: m_LocalRotation.z
      value: -0
      objectReference: {fileID: 0}
    - target: {fileID: -8679921383154817045, guid: 28774519998999442ac71e3ace42e9bb,
        type: 3}
      propertyPath: m_LocalEulerAnglesHint.x
      value: -90
      objectReference: {fileID: 0}
    - target: {fileID: -8679921383154817045, guid: 28774519998999442ac71e3ace42e9bb,
        type: 3}
      propertyPath: m_LocalEulerAnglesHint.y
      value: 0
      objectReference: {fileID: 0}
    - target: {fileID: -8679921383154817045, guid: 28774519998999442ac71e3ace42e9bb,
        type: 3}
      propertyPath: m_LocalEulerAnglesHint.z
      value: 0
      objectReference: {fileID: 0}
    - target: {fileID: -7511558181221131132, guid: 28774519998999442ac71e3ace42e9bb,
        type: 3}
      propertyPath: m_Materials.Array.data[0]
      value: 
      objectReference: {fileID: 2100000, guid: b9ed65853974cf449b7c6a476f8bfd95, type: 2}
    - target: {fileID: 919132149155446097, guid: 28774519998999442ac71e3ace42e9bb,
        type: 3}
      propertyPath: m_Name
      value: WM_QiQiu_001
      objectReference: {fileID: 0}
    m_RemovedComponents: []
  m_SourcePrefab: {fileID: 100100000, guid: 28774519998999442ac71e3ace42e9bb, type: 3}
--- !u!4 &4760710806934604470 stripped
Transform:
  m_CorrespondingSourceObject: {fileID: -8679921383154817045, guid: 28774519998999442ac71e3ace42e9bb,
    type: 3}
  m_PrefabInstance: {fileID: 5015822770350468445}
  m_PrefabAsset: {fileID: 0}
