%YAML 1.1
%TAG !u! tag:unity3d.com,2011:
--- !u!1 &1775016069966276282
GameObject:
  m_ObjectHideFlags: 0
  m_CorrespondingSourceObject: {fileID: 0}
  m_PrefabInstance: {fileID: 0}
  m_PrefabAsset: {fileID: 0}
  serializedVersion: 6
  m_Component:
  - component: {fileID: 1775016069966276261}
  - component: {fileID: 1775016069966276263}
  - component: {fileID: 1775016069966276260}
  - component: {fileID: 7136167665738879332}
  m_Layer: 9
  m_Name: Mace
  m_TagString: Untagged
  m_Icon: {fileID: 0}
  m_NavMeshLayer: 0
  m_StaticEditorFlags: 0
  m_IsActive: 1
--- !u!4 &1775016069966276261
Transform:
  m_ObjectHideFlags: 0
  m_CorrespondingSourceObject: {fileID: 0}
  m_PrefabInstance: {fileID: 0}
  m_PrefabAsset: {fileID: 0}
  m_GameObject: {fileID: 1775016069966276282}
  m_LocalRotation: {x: -0, y: -0, z: -0, w: 1}
  m_LocalPosition: {x: 0, y: 1.207, z: 1.001}
  m_LocalScale: {x: 1, y: 1, z: 1}
  m_Children:
  - {fileID: 298900331404876771}
  - {fileID: 3409027855274355632}
  m_Father: {fileID: 0}
  m_RootOrder: 0
  m_LocalEulerAnglesHint: {x: 0, y: 0, z: 0}
--- !u!65 &1775016069966276263
BoxCollider:
  m_ObjectHideFlags: 0
  m_CorrespondingSourceObject: {fileID: 0}
  m_PrefabInstance: {fileID: 0}
  m_PrefabAsset: {fileID: 0}
  m_GameObject: {fileID: 1775016069966276282}
  m_Material: {fileID: 0}
  m_IsTrigger: 0
  m_Enabled: 1
  serializedVersion: 2
  m_Size: {x: 0.2, y: 0.2, z: 0.2}
  m_Center: {x: 0, y: 0, z: 0}
--- !u!54 &1775016069966276260
Rigidbody:
  m_ObjectHideFlags: 0
  m_CorrespondingSourceObject: {fileID: 0}
  m_PrefabInstance: {fileID: 0}
  m_PrefabAsset: {fileID: 0}
  m_GameObject: {fileID: 1775016069966276282}
  serializedVersion: 2
  m_Mass: 1
  m_Drag: 0
  m_AngularDrag: 0.05
  m_UseGravity: 1
  m_IsKinematic: 0
  m_Interpolate: 0
  m_Constraints: 0
  m_CollisionDetection: 0
--- !u!114 &7136167665738879332
MonoBehaviour:
  m_ObjectHideFlags: 0
  m_CorrespondingSourceObject: {fileID: 0}
  m_PrefabInstance: {fileID: 0}
  m_PrefabAsset: {fileID: 0}
  m_GameObject: {fileID: 1775016069966276282}
  m_Enabled: 1
  m_EditorHideFlags: 0
  m_Script: {fileID: 11500000, guid: 04a6f0b71df308646b154f6dd6d64cb0, type: 3}
  m_Name: 
  m_EditorClassIdentifier: 
  m_TrsOther: {fileID: 3409027855274355632}
  m_Hurt: 5
  m_Force: 2000
  destoryTime: 6
--- !u!111 &8251091818520554710
Animation:
  m_ObjectHideFlags: 0
  m_CorrespondingSourceObject: {fileID: 0}
  m_PrefabInstance: {fileID: 0}
  m_PrefabAsset: {fileID: 0}
  m_GameObject: {fileID: 2963083577917471614}
  m_Enabled: 1
  serializedVersion: 3
  m_Animation: {fileID: 7400000, guid: 01b0f9567696bec4092586db534771d6, type: 2}
  m_Animations:
  - {fileID: 7400000, guid: 01b0f9567696bec4092586db534771d6, type: 2}
  m_WrapMode: 0
  m_PlayAutomatically: 1
  m_AnimatePhysics: 0
  m_CullingType: 0
--- !u!1 &6525676709545896690
GameObject:
  m_ObjectHideFlags: 0
  m_CorrespondingSourceObject: {fileID: 0}
  m_PrefabInstance: {fileID: 0}
  m_PrefabAsset: {fileID: 0}
  serializedVersion: 6
  m_Component:
  - component: {fileID: 3409027855274355632}
  m_Layer: 0
  m_Name: Other
  m_TagString: Untagged
  m_Icon: {fileID: 0}
  m_NavMeshLayer: 0
  m_StaticEditorFlags: 0
  m_IsActive: 1
--- !u!4 &3409027855274355632
Transform:
  m_ObjectHideFlags: 0
  m_CorrespondingSourceObject: {fileID: 0}
  m_PrefabInstance: {fileID: 0}
  m_PrefabAsset: {fileID: 0}
  m_GameObject: {fileID: 6525676709545896690}
  m_LocalRotation: {x: 0, y: 0, z: 0, w: 1}
  m_LocalPosition: {x: 0, y: 0, z: 0}
  m_LocalScale: {x: 1, y: 1, z: 1}
  m_Children:
  - {fileID: 2473932482456592836}
  m_Father: {fileID: 1775016069966276261}
  m_RootOrder: 1
  m_LocalEulerAnglesHint: {x: 0, y: 0, z: 0}
--- !u!1001 &2729063731838141999
PrefabInstance:
  m_ObjectHideFlags: 0
  serializedVersion: 2
  m_Modification:
    m_TransformParent: {fileID: 3409027855274355632}
    m_Modifications:
    - target: {fileID: -8679921383154817045, guid: da7ef810853e97b459c4f5bc87c4a690,
        type: 3}
      propertyPath: m_RootOrder
      value: 0
      objectReference: {fileID: 0}
    - target: {fileID: -8679921383154817045, guid: da7ef810853e97b459c4f5bc87c4a690,
        type: 3}
      propertyPath: m_LocalPosition.x
      value: 0
      objectReference: {fileID: 0}
    - target: {fileID: -8679921383154817045, guid: da7ef810853e97b459c4f5bc87c4a690,
        type: 3}
      propertyPath: m_LocalPosition.y
      value: 0.046000004
      objectReference: {fileID: 0}
    - target: {fileID: -8679921383154817045, guid: da7ef810853e97b459c4f5bc87c4a690,
        type: 3}
      propertyPath: m_LocalPosition.z
      value: 0.493
      objectReference: {fileID: 0}
    - target: {fileID: -8679921383154817045, guid: da7ef810853e97b459c4f5bc87c4a690,
        type: 3}
      propertyPath: m_LocalRotation.w
      value: 1
      objectReference: {fileID: 0}
    - target: {fileID: -8679921383154817045, guid: da7ef810853e97b459c4f5bc87c4a690,
        type: 3}
      propertyPath: m_LocalRotation.x
      value: 0.000000021855694
      objectReference: {fileID: 0}
    - target: {fileID: -8679921383154817045, guid: da7ef810853e97b459c4f5bc87c4a690,
        type: 3}
      propertyPath: m_LocalRotation.y
      value: -0
      objectReference: {fileID: 0}
    - target: {fileID: -8679921383154817045, guid: da7ef810853e97b459c4f5bc87c4a690,
        type: 3}
      propertyPath: m_LocalRotation.z
      value: -0
      objectReference: {fileID: 0}
    - target: {fileID: -8679921383154817045, guid: da7ef810853e97b459c4f5bc87c4a690,
        type: 3}
      propertyPath: m_LocalEulerAnglesHint.x
      value: 0
      objectReference: {fileID: 0}
    - target: {fileID: -8679921383154817045, guid: da7ef810853e97b459c4f5bc87c4a690,
        type: 3}
      propertyPath: m_LocalEulerAnglesHint.y
      value: 156
      objectReference: {fileID: 0}
    - target: {fileID: -8679921383154817045, guid: da7ef810853e97b459c4f5bc87c4a690,
        type: 3}
      propertyPath: m_LocalEulerAnglesHint.z
      value: 0
      objectReference: {fileID: 0}
    - target: {fileID: -7511558181221131132, guid: da7ef810853e97b459c4f5bc87c4a690,
        type: 3}
      propertyPath: m_Materials.Array.data[0]
      value: 
      objectReference: {fileID: 2100000, guid: 74bc57d9661f3034e8333aa69099c929, type: 2}
    - target: {fileID: -7511558181221131132, guid: da7ef810853e97b459c4f5bc87c4a690,
        type: 3}
      propertyPath: m_Materials.Array.data[1]
      value: 
      objectReference: {fileID: 2100000, guid: 01934a88f246afe43a656d73a6bcc44c, type: 2}
    - target: {fileID: -7511558181221131132, guid: da7ef810853e97b459c4f5bc87c4a690,
        type: 3}
      propertyPath: m_Materials.Array.data[2]
      value: 
      objectReference: {fileID: 2100000, guid: 6389b73b391bb2246a57a75a8e67e99d, type: 2}
    - target: {fileID: 919132149155446097, guid: da7ef810853e97b459c4f5bc87c4a690,
        type: 3}
      propertyPath: m_Name
      value: WM_LangYaBang_001
      objectReference: {fileID: 0}
    m_RemovedComponents: []
  m_SourcePrefab: {fileID: 100100000, guid: da7ef810853e97b459c4f5bc87c4a690, type: 3}
--- !u!1 &2963083577917471614 stripped
GameObject:
  m_CorrespondingSourceObject: {fileID: 919132149155446097, guid: da7ef810853e97b459c4f5bc87c4a690,
    type: 3}
  m_PrefabInstance: {fileID: 2729063731838141999}
  m_PrefabAsset: {fileID: 0}
--- !u!4 &2473932482456592836 stripped
Transform:
  m_CorrespondingSourceObject: {fileID: -8679921383154817045, guid: da7ef810853e97b459c4f5bc87c4a690,
    type: 3}
  m_PrefabInstance: {fileID: 2729063731838141999}
  m_PrefabAsset: {fileID: 0}
--- !u!1001 &3735566559497183320
PrefabInstance:
  m_ObjectHideFlags: 0
  serializedVersion: 2
  m_Modification:
    m_TransformParent: {fileID: 1775016069966276261}
    m_Modifications:
    - target: {fileID: 1555810104359897189, guid: 200fea5bd97658a49a0324428effec62,
        type: 3}
      propertyPath: m_Name
      value: VFX_blacktrail_WeaponMaster
      objectReference: {fileID: 0}
    - target: {fileID: 1555810104359897189, guid: 200fea5bd97658a49a0324428effec62,
        type: 3}
      propertyPath: m_IsActive
      value: 0
      objectReference: {fileID: 0}
    - target: {fileID: 4031440450631646139, guid: 200fea5bd97658a49a0324428effec62,
        type: 3}
      propertyPath: m_RootOrder
      value: 0
      objectReference: {fileID: 0}
    - target: {fileID: 4031440450631646139, guid: 200fea5bd97658a49a0324428effec62,
        type: 3}
      propertyPath: m_LocalScale.x
      value: 1
      objectReference: {fileID: 0}
    - target: {fileID: 4031440450631646139, guid: 200fea5bd97658a49a0324428effec62,
        type: 3}
      propertyPath: m_LocalScale.y
      value: 1
      objectReference: {fileID: 0}
    - target: {fileID: 4031440450631646139, guid: 200fea5bd97658a49a0324428effec62,
        type: 3}
      propertyPath: m_LocalScale.z
      value: 1
      objectReference: {fileID: 0}
    - target: {fileID: 4031440450631646139, guid: 200fea5bd97658a49a0324428effec62,
        type: 3}
      propertyPath: m_LocalPosition.x
      value: 0
      objectReference: {fileID: 0}
    - target: {fileID: 4031440450631646139, guid: 200fea5bd97658a49a0324428effec62,
        type: 3}
      propertyPath: m_LocalPosition.y
      value: 0
      objectReference: {fileID: 0}
    - target: {fileID: 4031440450631646139, guid: 200fea5bd97658a49a0324428effec62,
        type: 3}
      propertyPath: m_LocalPosition.z
      value: 0
      objectReference: {fileID: 0}
    - target: {fileID: 4031440450631646139, guid: 200fea5bd97658a49a0324428effec62,
        type: 3}
      propertyPath: m_LocalRotation.w
      value: 1
      objectReference: {fileID: 0}
    - target: {fileID: 4031440450631646139, guid: 200fea5bd97658a49a0324428effec62,
        type: 3}
      propertyPath: m_LocalRotation.x
      value: -0
      objectReference: {fileID: 0}
    - target: {fileID: 4031440450631646139, guid: 200fea5bd97658a49a0324428effec62,
        type: 3}
      propertyPath: m_LocalRotation.y
      value: -0
      objectReference: {fileID: 0}
    - target: {fileID: 4031440450631646139, guid: 200fea5bd97658a49a0324428effec62,
        type: 3}
      propertyPath: m_LocalRotation.z
      value: -0
      objectReference: {fileID: 0}
    - target: {fileID: 4031440450631646139, guid: 200fea5bd97658a49a0324428effec62,
        type: 3}
      propertyPath: m_LocalEulerAnglesHint.x
      value: 0
      objectReference: {fileID: 0}
    - target: {fileID: 4031440450631646139, guid: 200fea5bd97658a49a0324428effec62,
        type: 3}
      propertyPath: m_LocalEulerAnglesHint.y
      value: 0
      objectReference: {fileID: 0}
    - target: {fileID: 4031440450631646139, guid: 200fea5bd97658a49a0324428effec62,
        type: 3}
      propertyPath: m_LocalEulerAnglesHint.z
      value: 0
      objectReference: {fileID: 0}
    m_RemovedComponents: []
  m_SourcePrefab: {fileID: 100100000, guid: 200fea5bd97658a49a0324428effec62, type: 3}
--- !u!4 &298900331404876771 stripped
Transform:
  m_CorrespondingSourceObject: {fileID: 4031440450631646139, guid: 200fea5bd97658a49a0324428effec62,
    type: 3}
  m_PrefabInstance: {fileID: 3735566559497183320}
  m_PrefabAsset: {fileID: 0}
--- !u!1001 &4411665836423996166
PrefabInstance:
  m_ObjectHideFlags: 0
  serializedVersion: 2
  m_Modification:
    m_TransformParent: {fileID: 2473932482456592836}
    m_Modifications:
    - target: {fileID: 1555810104359897189, guid: 200fea5bd97658a49a0324428effec62,
        type: 3}
      propertyPath: m_Name
      value: VFX_blacktrail_WeaponMaster (1)
      objectReference: {fileID: 0}
    - target: {fileID: 1555810104359897189, guid: 200fea5bd97658a49a0324428effec62,
        type: 3}
      propertyPath: m_IsActive
      value: 1
      objectReference: {fileID: 0}
    - target: {fileID: 4031440450631646139, guid: 200fea5bd97658a49a0324428effec62,
        type: 3}
      propertyPath: m_RootOrder
      value: 0
      objectReference: {fileID: 0}
    - target: {fileID: 4031440450631646139, guid: 200fea5bd97658a49a0324428effec62,
        type: 3}
      propertyPath: m_LocalScale.x
      value: 1
      objectReference: {fileID: 0}
    - target: {fileID: 4031440450631646139, guid: 200fea5bd97658a49a0324428effec62,
        type: 3}
      propertyPath: m_LocalScale.y
      value: 1
      objectReference: {fileID: 0}
    - target: {fileID: 4031440450631646139, guid: 200fea5bd97658a49a0324428effec62,
        type: 3}
      propertyPath: m_LocalScale.z
      value: 1
      objectReference: {fileID: 0}
    - target: {fileID: 4031440450631646139, guid: 200fea5bd97658a49a0324428effec62,
        type: 3}
      propertyPath: m_LocalPosition.x
      value: 0.02
      objectReference: {fileID: 0}
    - target: {fileID: 4031440450631646139, guid: 200fea5bd97658a49a0324428effec62,
        type: 3}
      propertyPath: m_LocalPosition.y
      value: 0
      objectReference: {fileID: 0}
    - target: {fileID: 4031440450631646139, guid: 200fea5bd97658a49a0324428effec62,
        type: 3}
      propertyPath: m_LocalPosition.z
      value: -0.459
      objectReference: {fileID: 0}
    - target: {fileID: 4031440450631646139, guid: 200fea5bd97658a49a0324428effec62,
        type: 3}
      propertyPath: m_LocalRotation.w
      value: 1
      objectReference: {fileID: 0}
    - target: {fileID: 4031440450631646139, guid: 200fea5bd97658a49a0324428effec62,
        type: 3}
      propertyPath: m_LocalRotation.x
      value: -0.000000021855694
      objectReference: {fileID: 0}
    - target: {fileID: 4031440450631646139, guid: 200fea5bd97658a49a0324428effec62,
        type: 3}
      propertyPath: m_LocalRotation.y
      value: -0
      objectReference: {fileID: 0}
    - target: {fileID: 4031440450631646139, guid: 200fea5bd97658a49a0324428effec62,
        type: 3}
      propertyPath: m_LocalRotation.z
      value: -0
      objectReference: {fileID: 0}
    - target: {fileID: 4031440450631646139, guid: 200fea5bd97658a49a0324428effec62,
        type: 3}
      propertyPath: m_LocalEulerAnglesHint.x
      value: 0
      objectReference: {fileID: 0}
    - target: {fileID: 4031440450631646139, guid: 200fea5bd97658a49a0324428effec62,
        type: 3}
      propertyPath: m_LocalEulerAnglesHint.y
      value: 0
      objectReference: {fileID: 0}
    - target: {fileID: 4031440450631646139, guid: 200fea5bd97658a49a0324428effec62,
        type: 3}
      propertyPath: m_LocalEulerAnglesHint.z
      value: 0
      objectReference: {fileID: 0}
    m_RemovedComponents: []
  m_SourcePrefab: {fileID: 100100000, guid: 200fea5bd97658a49a0324428effec62, type: 3}
